%YAML 1.1
%TAG !u! tag:unity3d.com,2011:
--- !u!29 &1
OcclusionCullingSettings:
  m_ObjectHideFlags: 0
  serializedVersion: 2
  m_OcclusionBakeSettings:
    smallestOccluder: 5
    smallestHole: 0.25
    backfaceThreshold: 100
  m_SceneGUID: 00000000000000000000000000000000
  m_OcclusionCullingData: {fileID: 0}
--- !u!104 &2
RenderSettings:
  m_ObjectHideFlags: 0
  serializedVersion: 8
  m_Fog: 0
  m_FogColor: {r: 0.5, g: 0.5, b: 0.5, a: 1}
  m_FogMode: 3
  m_FogDensity: 0.01
  m_LinearFogStart: 0
  m_LinearFogEnd: 300
  m_AmbientSkyColor: {r: 0.212, g: 0.227, b: 0.259, a: 1}
  m_AmbientEquatorColor: {r: 0.114, g: 0.125, b: 0.133, a: 1}
  m_AmbientGroundColor: {r: 0.047, g: 0.043, b: 0.035, a: 1}
  m_AmbientIntensity: 1
  m_AmbientMode: 0
  m_SubtractiveShadowColor: {r: 0.42, g: 0.478, b: 0.627, a: 1}
  m_SkyboxMaterial: {fileID: 10304, guid: 0000000000000000f000000000000000, type: 0}
  m_HaloStrength: 0.5
  m_FlareStrength: 1
  m_FlareFadeSpeed: 3
  m_HaloTexture: {fileID: 0}
  m_SpotCookie: {fileID: 10001, guid: 0000000000000000e000000000000000, type: 0}
  m_DefaultReflectionMode: 0
  m_DefaultReflectionResolution: 128
  m_ReflectionBounces: 1
  m_ReflectionIntensity: 1
  m_CustomReflection: {fileID: 0}
  m_Sun: {fileID: 0}
  m_IndirectSpecularColor: {r: 0, g: 0, b: 0, a: 1}
--- !u!157 &3
LightmapSettings:
  m_ObjectHideFlags: 0
  serializedVersion: 9
  m_GIWorkflowMode: 1
  m_GISettings:
    serializedVersion: 2
    m_BounceScale: 1
    m_IndirectOutputScale: 1
    m_AlbedoBoost: 1
    m_TemporalCoherenceThreshold: 1
    m_EnvironmentLightingMode: 0
    m_EnableBakedLightmaps: 1
    m_EnableRealtimeLightmaps: 1
  m_LightmapEditorSettings:
    serializedVersion: 8
    m_Resolution: 2
    m_BakeResolution: 40
    m_TextureWidth: 1024
    m_TextureHeight: 1024
    m_AO: 0
    m_AOMaxDistance: 1
    m_CompAOExponent: 1
    m_CompAOExponentDirect: 0
    m_Padding: 2
    m_LightmapParameters: {fileID: 0}
    m_LightmapsBakeMode: 1
    m_TextureCompression: 1
    m_FinalGather: 0
    m_FinalGatherFiltering: 1
    m_FinalGatherRayCount: 256
    m_ReflectionCompression: 2
    m_MixedBakeMode: 3
    m_BakeBackend: 0
    m_PVRSampling: 1
    m_PVRDirectSampleCount: 32
    m_PVRSampleCount: 500
    m_PVRBounces: 2
    m_PVRFiltering: 0
    m_PVRFilteringMode: 1
    m_PVRCulling: 1
    m_PVRFilteringGaussRadiusDirect: 1
    m_PVRFilteringGaussRadiusIndirect: 5
    m_PVRFilteringGaussRadiusAO: 2
    m_PVRFilteringAtrousColorSigma: 1
    m_PVRFilteringAtrousNormalSigma: 1
    m_PVRFilteringAtrousPositionSigma: 1
  m_LightingDataAsset: {fileID: 0}
  m_ShadowMaskMode: 2
--- !u!196 &4
NavMeshSettings:
  serializedVersion: 2
  m_ObjectHideFlags: 0
  m_BuildSettings:
    serializedVersion: 2
    agentTypeID: 0
    agentRadius: 0.5
    agentHeight: 2
    agentSlope: 45
    agentClimb: 0.4
    ledgeDropHeight: 0
    maxJumpAcrossDistance: 0
    minRegionArea: 2
    manualCellSize: 0
    cellSize: 0.16666667
    manualTileSize: 0
    tileSize: 256
    accuratePlacement: 0
  m_NavMeshData: {fileID: 0}
--- !u!1001 &31811174
Prefab:
  m_ObjectHideFlags: 0
  serializedVersion: 2
  m_Modification:
    m_TransformParent: {fileID: 0}
    m_Modifications:
    - target: {fileID: 4775133610062300, guid: f11a5f004f518f346b63cd11ddc5a50a, type: 2}
      propertyPath: m_LocalPosition.x
      value: -0.75
      objectReference: {fileID: 0}
    - target: {fileID: 4775133610062300, guid: f11a5f004f518f346b63cd11ddc5a50a, type: 2}
      propertyPath: m_LocalPosition.y
      value: 0.51
      objectReference: {fileID: 0}
    - target: {fileID: 4775133610062300, guid: f11a5f004f518f346b63cd11ddc5a50a, type: 2}
      propertyPath: m_LocalPosition.z
      value: 1.735
      objectReference: {fileID: 0}
    - target: {fileID: 4775133610062300, guid: f11a5f004f518f346b63cd11ddc5a50a, type: 2}
      propertyPath: m_LocalRotation.x
      value: 0
      objectReference: {fileID: 0}
    - target: {fileID: 4775133610062300, guid: f11a5f004f518f346b63cd11ddc5a50a, type: 2}
      propertyPath: m_LocalRotation.y
      value: 0
      objectReference: {fileID: 0}
    - target: {fileID: 4775133610062300, guid: f11a5f004f518f346b63cd11ddc5a50a, type: 2}
      propertyPath: m_LocalRotation.z
      value: 0
      objectReference: {fileID: 0}
    - target: {fileID: 4775133610062300, guid: f11a5f004f518f346b63cd11ddc5a50a, type: 2}
      propertyPath: m_LocalRotation.w
      value: 1
      objectReference: {fileID: 0}
    - target: {fileID: 4775133610062300, guid: f11a5f004f518f346b63cd11ddc5a50a, type: 2}
      propertyPath: m_RootOrder
      value: 3
      objectReference: {fileID: 0}
    m_RemovedComponents: []
  m_ParentPrefab: {fileID: 100100000, guid: f11a5f004f518f346b63cd11ddc5a50a, type: 2}
  m_RootGameObject: {fileID: 1283148644}
  m_IsPrefabParent: 0
--- !u!1 &82602542
GameObject:
  m_ObjectHideFlags: 0
  m_PrefabParentObject: {fileID: 1446614021156454, guid: 89b9ea4dea03a8f429ec9717a4c56e07,
    type: 2}
  m_PrefabInternal: {fileID: 1777122070}
  serializedVersion: 5
  m_Component:
  - component: {fileID: 82602543}
  m_Layer: 0
  m_Name: Location04
  m_TagString: Untagged
  m_Icon: {fileID: 0}
  m_NavMeshLayer: 0
  m_StaticEditorFlags: 0
  m_IsActive: 1
--- !u!4 &82602543
Transform:
  m_ObjectHideFlags: 0
  m_PrefabParentObject: {fileID: 4197669506978000, guid: 89b9ea4dea03a8f429ec9717a4c56e07,
    type: 2}
  m_PrefabInternal: {fileID: 1777122070}
  m_GameObject: {fileID: 82602542}
  m_LocalRotation: {x: -0, y: -0, z: -0, w: 1}
  m_LocalPosition: {x: -0.03, y: 0.362, z: 0.11}
  m_LocalScale: {x: 1, y: 1, z: 1}
  m_Children: []
  m_Father: {fileID: 1526291207}
  m_RootOrder: 3
  m_LocalEulerAnglesHint: {x: 0, y: 0, z: 0}
--- !u!1 &126549478
GameObject:
  m_ObjectHideFlags: 0
  m_PrefabParentObject: {fileID: 1430595062218894, guid: 89b9ea4dea03a8f429ec9717a4c56e07,
    type: 2}
  m_PrefabInternal: {fileID: 1777122070}
  serializedVersion: 5
  m_Component:
  - component: {fileID: 126549479}
  m_Layer: 0
  m_Name: Location02
  m_TagString: Untagged
  m_Icon: {fileID: 0}
  m_NavMeshLayer: 0
  m_StaticEditorFlags: 0
  m_IsActive: 1
--- !u!4 &126549479
Transform:
  m_ObjectHideFlags: 0
  m_PrefabParentObject: {fileID: 4772978382398920, guid: 89b9ea4dea03a8f429ec9717a4c56e07,
    type: 2}
  m_PrefabInternal: {fileID: 1777122070}
  m_GameObject: {fileID: 126549478}
  m_LocalRotation: {x: -0, y: -0, z: -0, w: 1}
  m_LocalPosition: {x: 1.34, y: 0, z: 0}
  m_LocalScale: {x: 1, y: 1, z: 1}
  m_Children: []
  m_Father: {fileID: 1526291207}
  m_RootOrder: 1
  m_LocalEulerAnglesHint: {x: 0, y: 0, z: 0}
--- !u!1 &398175591
GameObject:
  m_ObjectHideFlags: 0
  m_PrefabParentObject: {fileID: 1483317694732074, guid: 89b9ea4dea03a8f429ec9717a4c56e07,
    type: 2}
  m_PrefabInternal: {fileID: 1777122070}
  serializedVersion: 5
  m_Component:
  - component: {fileID: 398175592}
  m_Layer: 0
  m_Name: Location03
  m_TagString: Untagged
  m_Icon: {fileID: 0}
  m_NavMeshLayer: 0
  m_StaticEditorFlags: 0
  m_IsActive: 1
--- !u!4 &398175592
Transform:
  m_ObjectHideFlags: 0
  m_PrefabParentObject: {fileID: 4548855305043850, guid: 89b9ea4dea03a8f429ec9717a4c56e07,
    type: 2}
  m_PrefabInternal: {fileID: 1777122070}
  m_GameObject: {fileID: 398175591}
  m_LocalRotation: {x: -0, y: -0, z: -0, w: 1}
  m_LocalPosition: {x: 1.45, y: 0, z: 0.93}
  m_LocalScale: {x: 1, y: 1, z: 1}
  m_Children: []
  m_Father: {fileID: 1526291207}
  m_RootOrder: 2
  m_LocalEulerAnglesHint: {x: 0, y: 0, z: 0}
--- !u!1 &489242070
GameObject:
  m_ObjectHideFlags: 0
  m_PrefabParentObject: {fileID: 0}
  m_PrefabInternal: {fileID: 0}
  serializedVersion: 5
  m_Component:
  - component: {fileID: 489242075}
  - component: {fileID: 489242074}
  - component: {fileID: 489242073}
  - component: {fileID: 489242072}
  - component: {fileID: 489242071}
  m_Layer: 0
  m_Name: Main Camera
  m_TagString: MainCamera
  m_Icon: {fileID: 0}
  m_NavMeshLayer: 0
  m_StaticEditorFlags: 0
  m_IsActive: 1
--- !u!81 &489242071
AudioListener:
  m_ObjectHideFlags: 0
  m_PrefabParentObject: {fileID: 0}
  m_PrefabInternal: {fileID: 0}
  m_GameObject: {fileID: 489242070}
  m_Enabled: 1
--- !u!124 &489242072
Behaviour:
  m_ObjectHideFlags: 0
  m_PrefabParentObject: {fileID: 0}
  m_PrefabInternal: {fileID: 0}
  m_GameObject: {fileID: 489242070}
  m_Enabled: 1
--- !u!92 &489242073
Behaviour:
  m_ObjectHideFlags: 0
  m_PrefabParentObject: {fileID: 0}
  m_PrefabInternal: {fileID: 0}
  m_GameObject: {fileID: 489242070}
  m_Enabled: 1
--- !u!20 &489242074
Camera:
  m_ObjectHideFlags: 0
  m_PrefabParentObject: {fileID: 0}
  m_PrefabInternal: {fileID: 0}
  m_GameObject: {fileID: 489242070}
  m_Enabled: 1
  serializedVersion: 2
  m_ClearFlags: 1
  m_BackGroundColor: {r: 0.19215687, g: 0.3019608, b: 0.4745098, a: 0}
  m_NormalizedViewPortRect:
    serializedVersion: 2
    x: 0
    y: 0
    width: 1
    height: 1
  near clip plane: 0.3
  far clip plane: 1000
  field of view: 60
  orthographic: 0
  orthographic size: 5
  m_Depth: -1
  m_CullingMask:
    serializedVersion: 2
    m_Bits: 4294967295
  m_RenderingPath: -1
  m_TargetTexture: {fileID: 0}
  m_TargetDisplay: 0
  m_TargetEye: 3
  m_HDR: 1
  m_AllowMSAA: 1
  m_ForceIntoRT: 0
  m_OcclusionCulling: 1
  m_StereoConvergence: 10
  m_StereoSeparation: 0.022
  m_StereoMirrorMode: 0
--- !u!4 &489242075
Transform:
  m_ObjectHideFlags: 0
  m_PrefabParentObject: {fileID: 0}
  m_PrefabInternal: {fileID: 0}
  m_GameObject: {fileID: 489242070}
  m_LocalRotation: {x: 0, y: 0, z: 0, w: 1}
  m_LocalPosition: {x: 0, y: 1, z: -4.59}
  m_LocalScale: {x: 1, y: 1, z: 1}
  m_Children: []
  m_Father: {fileID: 0}
  m_RootOrder: 0
  m_LocalEulerAnglesHint: {x: 0, y: 0, z: 0}
--- !u!1 &866896865
GameObject:
  m_ObjectHideFlags: 0
  m_PrefabParentObject: {fileID: 1535505460167358, guid: 89b9ea4dea03a8f429ec9717a4c56e07,
    type: 2}
  m_PrefabInternal: {fileID: 1777122070}
  serializedVersion: 5
  m_Component:
  - component: {fileID: 866896866}
  m_Layer: 0
  m_Name: Location01
  m_TagString: Untagged
  m_Icon: {fileID: 0}
  m_NavMeshLayer: 0
  m_StaticEditorFlags: 0
  m_IsActive: 1
--- !u!4 &866896866
Transform:
  m_ObjectHideFlags: 0
  m_PrefabParentObject: {fileID: 4355252807592546, guid: 89b9ea4dea03a8f429ec9717a4c56e07,
    type: 2}
  m_PrefabInternal: {fileID: 1777122070}
  m_GameObject: {fileID: 866896865}
  m_LocalRotation: {x: 0, y: 0, z: 0, w: 1}
  m_LocalPosition: {x: 0.079, y: 0, z: -0.25}
  m_LocalScale: {x: 1, y: 1, z: 1}
  m_Children: []
  m_Father: {fileID: 1526291207}
  m_RootOrder: 0
  m_LocalEulerAnglesHint: {x: 0, y: 0, z: 0}
--- !u!1 &1125926723
GameObject:
  m_ObjectHideFlags: 0
  m_PrefabParentObject: {fileID: 0}
  m_PrefabInternal: {fileID: 0}
  serializedVersion: 5
  m_Component:
  - component: {fileID: 1125926727}
  - component: {fileID: 1125926726}
  - component: {fileID: 1125926725}
  - component: {fileID: 1125926724}
  m_Layer: 0
  m_Name: Floor
  m_TagString: Untagged
  m_Icon: {fileID: 0}
  m_NavMeshLayer: 0
  m_StaticEditorFlags: 0
  m_IsActive: 1
--- !u!23 &1125926724
MeshRenderer:
  m_ObjectHideFlags: 0
  m_PrefabParentObject: {fileID: 0}
  m_PrefabInternal: {fileID: 0}
  m_GameObject: {fileID: 1125926723}
  m_Enabled: 1
  m_CastShadows: 1
  m_ReceiveShadows: 1
  m_MotionVectors: 1
  m_LightProbeUsage: 1
  m_ReflectionProbeUsage: 1
  m_Materials:
  - {fileID: 10303, guid: 0000000000000000f000000000000000, type: 0}
  m_StaticBatchInfo:
    firstSubMesh: 0
    subMeshCount: 0
  m_StaticBatchRoot: {fileID: 0}
  m_ProbeAnchor: {fileID: 0}
  m_LightProbeVolumeOverride: {fileID: 0}
  m_ScaleInLightmap: 1
  m_PreserveUVs: 1
  m_IgnoreNormalsForChartDetection: 0
  m_ImportantGI: 0
  m_SelectedEditorRenderState: 3
  m_MinimumChartSize: 4
  m_AutoUVMaxDistance: 0.5
  m_AutoUVMaxAngle: 89
  m_LightmapParameters: {fileID: 0}
  m_SortingLayerID: 0
  m_SortingLayer: 0
  m_SortingOrder: 0
--- !u!65 &1125926725
BoxCollider:
  m_ObjectHideFlags: 0
  m_PrefabParentObject: {fileID: 0}
  m_PrefabInternal: {fileID: 0}
  m_GameObject: {fileID: 1125926723}
  m_Material: {fileID: 0}
  m_IsTrigger: 0
  m_Enabled: 1
  serializedVersion: 2
  m_Size: {x: 1, y: 1, z: 1}
  m_Center: {x: 0, y: 0, z: 0}
--- !u!33 &1125926726
MeshFilter:
  m_ObjectHideFlags: 0
  m_PrefabParentObject: {fileID: 0}
  m_PrefabInternal: {fileID: 0}
  m_GameObject: {fileID: 1125926723}
  m_Mesh: {fileID: 10202, guid: 0000000000000000e000000000000000, type: 0}
--- !u!4 &1125926727
Transform:
  m_ObjectHideFlags: 0
  m_PrefabParentObject: {fileID: 0}
  m_PrefabInternal: {fileID: 0}
  m_GameObject: {fileID: 1125926723}
  m_LocalRotation: {x: 0, y: 0, z: 0, w: 1}
  m_LocalPosition: {x: 0, y: 0, z: 0}
  m_LocalScale: {x: 7, y: 0.023651566, z: 7}
  m_Children: []
  m_Father: {fileID: 0}
  m_RootOrder: 4
  m_LocalEulerAnglesHint: {x: 0, y: 0, z: 0}
--- !u!1 &1211112305
GameObject:
  m_ObjectHideFlags: 0
  m_PrefabParentObject: {fileID: 1034012829802996, guid: f11a5f004f518f346b63cd11ddc5a50a,
    type: 2}
  m_PrefabInternal: {fileID: 31811174}
  serializedVersion: 5
  m_Component:
  - component: {fileID: 1211112306}
  - component: {fileID: 1211112309}
  - component: {fileID: 1211112308}
  - component: {fileID: 1211112307}
  m_Layer: 0
  m_Name: RightArm
  m_TagString: Untagged
  m_Icon: {fileID: 0}
  m_NavMeshLayer: 0
  m_StaticEditorFlags: 0
  m_IsActive: 1
--- !u!4 &1211112306
Transform:
  m_ObjectHideFlags: 0
  m_PrefabParentObject: {fileID: 4710599638788782, guid: f11a5f004f518f346b63cd11ddc5a50a,
    type: 2}
  m_PrefabInternal: {fileID: 31811174}
  m_GameObject: {fileID: 1211112305}
  m_LocalRotation: {x: 0.7071068, y: -0, z: -0, w: 0.7071068}
  m_LocalPosition: {x: -0.5519192, y: 0, z: -0.3127394}
  m_LocalScale: {x: 0.2207678, y: 1.3838966, z: 0.100000076}
  m_Children: []
  m_Father: {fileID: 1283148648}
  m_RootOrder: 1
  m_LocalEulerAnglesHint: {x: 90, y: 0, z: 0}
--- !u!23 &1211112307
MeshRenderer:
  m_ObjectHideFlags: 0
  m_PrefabParentObject: {fileID: 23244567484690070, guid: f11a5f004f518f346b63cd11ddc5a50a,
    type: 2}
  m_PrefabInternal: {fileID: 31811174}
  m_GameObject: {fileID: 1211112305}
  m_Enabled: 1
  m_CastShadows: 1
  m_ReceiveShadows: 1
  m_MotionVectors: 1
  m_LightProbeUsage: 1
  m_ReflectionProbeUsage: 1
  m_Materials:
  - {fileID: 10303, guid: 0000000000000000f000000000000000, type: 0}
  m_StaticBatchInfo:
    firstSubMesh: 0
    subMeshCount: 0
  m_StaticBatchRoot: {fileID: 0}
  m_ProbeAnchor: {fileID: 0}
  m_LightProbeVolumeOverride: {fileID: 0}
  m_ScaleInLightmap: 1
  m_PreserveUVs: 1
  m_IgnoreNormalsForChartDetection: 0
  m_ImportantGI: 0
  m_SelectedEditorRenderState: 3
  m_MinimumChartSize: 4
  m_AutoUVMaxDistance: 0.5
  m_AutoUVMaxAngle: 89
  m_LightmapParameters: {fileID: 0}
  m_SortingLayerID: 0
  m_SortingLayer: 0
  m_SortingOrder: 0
--- !u!65 &1211112308
BoxCollider:
  m_ObjectHideFlags: 0
  m_PrefabParentObject: {fileID: 65758012816932008, guid: f11a5f004f518f346b63cd11ddc5a50a,
    type: 2}
  m_PrefabInternal: {fileID: 31811174}
  m_GameObject: {fileID: 1211112305}
  m_Material: {fileID: 0}
  m_IsTrigger: 0
  m_Enabled: 1
  serializedVersion: 2
  m_Size: {x: 1, y: 1, z: 1}
  m_Center: {x: 0, y: 0, z: 0}
--- !u!33 &1211112309
MeshFilter:
  m_ObjectHideFlags: 0
  m_PrefabParentObject: {fileID: 33363953690505848, guid: f11a5f004f518f346b63cd11ddc5a50a,
    type: 2}
  m_PrefabInternal: {fileID: 31811174}
  m_GameObject: {fileID: 1211112305}
  m_Mesh: {fileID: 10202, guid: 0000000000000000e000000000000000, type: 0}
--- !u!1 &1283148644
GameObject:
  m_ObjectHideFlags: 0
  m_PrefabParentObject: {fileID: 1870409480848524, guid: f11a5f004f518f346b63cd11ddc5a50a,
    type: 2}
  m_PrefabInternal: {fileID: 31811174}
  serializedVersion: 5
  m_Component:
  - component: {fileID: 1283148648}
  - component: {fileID: 1283148647}
  - component: {fileID: 1283148646}
  - component: {fileID: 1283148645}
  m_Layer: 0
  m_Name: TestZombie
  m_TagString: Untagged
  m_Icon: {fileID: 0}
  m_NavMeshLayer: 0
  m_StaticEditorFlags: 0
  m_IsActive: 1
--- !u!23 &1283148645
MeshRenderer:
  m_ObjectHideFlags: 0
  m_PrefabParentObject: {fileID: 23799239269861576, guid: f11a5f004f518f346b63cd11ddc5a50a,
    type: 2}
  m_PrefabInternal: {fileID: 31811174}
  m_GameObject: {fileID: 1283148644}
  m_Enabled: 1
  m_CastShadows: 1
  m_ReceiveShadows: 1
  m_MotionVectors: 1
  m_LightProbeUsage: 1
  m_ReflectionProbeUsage: 1
  m_Materials:
  - {fileID: 10303, guid: 0000000000000000f000000000000000, type: 0}
  m_StaticBatchInfo:
    firstSubMesh: 0
    subMeshCount: 0
  m_StaticBatchRoot: {fileID: 0}
  m_ProbeAnchor: {fileID: 0}
  m_LightProbeVolumeOverride: {fileID: 0}
  m_ScaleInLightmap: 1
  m_PreserveUVs: 1
  m_IgnoreNormalsForChartDetection: 0
  m_ImportantGI: 0
  m_SelectedEditorRenderState: 3
  m_MinimumChartSize: 4
  m_AutoUVMaxDistance: 0.5
  m_AutoUVMaxAngle: 89
  m_LightmapParameters: {fileID: 0}
  m_SortingLayerID: 0
  m_SortingLayer: 0
  m_SortingOrder: 0
--- !u!65 &1283148646
BoxCollider:
  m_ObjectHideFlags: 0
  m_PrefabParentObject: {fileID: 65388477866324434, guid: f11a5f004f518f346b63cd11ddc5a50a,
    type: 2}
  m_PrefabInternal: {fileID: 31811174}
  m_GameObject: {fileID: 1283148644}
  m_Material: {fileID: 0}
  m_IsTrigger: 0
  m_Enabled: 1
  serializedVersion: 2
  m_Size: {x: 1, y: 1, z: 1}
  m_Center: {x: 0, y: 0, z: 0}
--- !u!33 &1283148647
MeshFilter:
  m_ObjectHideFlags: 0
  m_PrefabParentObject: {fileID: 33645511137781680, guid: f11a5f004f518f346b63cd11ddc5a50a,
    type: 2}
  m_PrefabInternal: {fileID: 31811174}
  m_GameObject: {fileID: 1283148644}
  m_Mesh: {fileID: 10202, guid: 0000000000000000e000000000000000, type: 0}
--- !u!4 &1283148648
Transform:
  m_ObjectHideFlags: 0
  m_PrefabParentObject: {fileID: 4775133610062300, guid: f11a5f004f518f346b63cd11ddc5a50a,
    type: 2}
  m_PrefabInternal: {fileID: 31811174}
  m_GameObject: {fileID: 1283148644}
  m_LocalRotation: {x: 0, y: 0, z: 0, w: 1}
  m_LocalPosition: {x: -0.75, y: 0.51, z: 1.735}
  m_LocalScale: {x: 0.45296487, y: 1, z: 0.3612707}
  m_Children:
  - {fileID: 1654537048}
  - {fileID: 1211112306}
  m_Father: {fileID: 0}
  m_RootOrder: 3
  m_LocalEulerAnglesHint: {x: 0, y: 0, z: 0}
--- !u!1 &1288637269
GameObject:
  m_ObjectHideFlags: 0
  m_PrefabParentObject: {fileID: 1476427242027888, guid: 89b9ea4dea03a8f429ec9717a4c56e07,
    type: 2}
  m_PrefabInternal: {fileID: 1777122070}
  serializedVersion: 5
  m_Component:
  - component: {fileID: 1288637270}
  m_Layer: 0
  m_Name: Location05
  m_TagString: Untagged
  m_Icon: {fileID: 0}
  m_NavMeshLayer: 0
  m_StaticEditorFlags: 0
  m_IsActive: 1
--- !u!4 &1288637270
Transform:
  m_ObjectHideFlags: 0
  m_PrefabParentObject: {fileID: 4568460868290664, guid: 89b9ea4dea03a8f429ec9717a4c56e07,
    type: 2}
  m_PrefabInternal: {fileID: 1777122070}
  m_GameObject: {fileID: 1288637269}
  m_LocalRotation: {x: -0, y: -0, z: -0, w: 1}
  m_LocalPosition: {x: -1.933, y: 0, z: 0}
  m_LocalScale: {x: 1, y: 1, z: 1}
  m_Children: []
  m_Father: {fileID: 1526291207}
  m_RootOrder: 4
  m_LocalEulerAnglesHint: {x: 0, y: 0, z: 0}
--- !u!1 &1526291205
GameObject:
  m_ObjectHideFlags: 0
  m_PrefabParentObject: {fileID: 1457029553425456, guid: 89b9ea4dea03a8f429ec9717a4c56e07,
    type: 2}
  m_PrefabInternal: {fileID: 1777122070}
  serializedVersion: 5
  m_Component:
  - component: {fileID: 1526291207}
  - component: {fileID: 1526291206}
  m_Layer: 0
  m_Name: SpawnerLocation(s)
  m_TagString: Untagged
  m_Icon: {fileID: 0}
  m_NavMeshLayer: 0
  m_StaticEditorFlags: 0
  m_IsActive: 1
--- !u!114 &1526291206
MonoBehaviour:
  m_ObjectHideFlags: 0
  m_PrefabParentObject: {fileID: 114642595207238438, guid: 89b9ea4dea03a8f429ec9717a4c56e07,
    type: 2}
  m_PrefabInternal: {fileID: 1777122070}
  m_GameObject: {fileID: 1526291205}
  m_Enabled: 1
  m_EditorHideFlags: 0
  m_Script: {fileID: 11500000, guid: 4eaa51df9a457884fbadb5535d168877, type: 3}
  m_Name: 
  m_EditorClassIdentifier: 
  spawnLocations:
  - {fileID: 866896866}
  - {fileID: 126549479}
  - {fileID: 398175592}
  - {fileID: 82602543}
  - {fileID: 1288637270}
  whatPrefabToSpawn:
  - {fileID: 100018, guid: b07eb7188bcce104997c907bf39c829a, type: 3}
  - {fileID: 100114, guid: 9c4ba9de72b35c245bb326d5d3e513eb, type: 3}
  - {fileID: 100016, guid: 663c90f77d80cf744b9ad49689fcd056, type: 3}
  - {fileID: 100000, guid: e335709c7c0f79747a165c78e98a0943, type: 3}
  - {fileID: 100000, guid: 4d1811da245faed4d94f653ceacd05f0, type: 3}
  whatPrefabToSpawnClone:
  - {fileID: 100018, guid: b07eb7188bcce104997c907bf39c829a, type: 3}
  - {fileID: 100114, guid: 9c4ba9de72b35c245bb326d5d3e513eb, type: 3}
  - {fileID: 100016, guid: 663c90f77d80cf744b9ad49689fcd056, type: 3}
  - {fileID: 100000, guid: e335709c7c0f79747a165c78e98a0943, type: 3}
  - {fileID: 100000, guid: 4d1811da245faed4d94f653ceacd05f0, type: 3}
--- !u!4 &1526291207
Transform:
  m_ObjectHideFlags: 0
  m_PrefabParentObject: {fileID: 4751416821610926, guid: 89b9ea4dea03a8f429ec9717a4c56e07,
    type: 2}
  m_PrefabInternal: {fileID: 1777122070}
  m_GameObject: {fileID: 1526291205}
  m_LocalRotation: {x: 0, y: 0, z: 0, w: 1}
  m_LocalPosition: {x: 0, y: 0, z: 0}
  m_LocalScale: {x: 1, y: 1, z: 1}
  m_Children:
  - {fileID: 866896866}
  - {fileID: 126549479}
  - {fileID: 398175592}
  - {fileID: 82602543}
  - {fileID: 1288637270}
  m_Father: {fileID: 0}
  m_RootOrder: 2
  m_LocalEulerAnglesHint: {x: 0, y: 0, z: 0}
--- !u!1 &1547356778
GameObject:
  m_ObjectHideFlags: 0
  m_PrefabParentObject: {fileID: 0}
  m_PrefabInternal: {fileID: 0}
  serializedVersion: 5
  m_Component:
  - component: {fileID: 1547356780}
  - component: {fileID: 1547356779}
  m_Layer: 0
  m_Name: Directional Light
  m_TagString: Untagged
  m_Icon: {fileID: 0}
  m_NavMeshLayer: 0
  m_StaticEditorFlags: 0
  m_IsActive: 1
--- !u!108 &1547356779
Light:
  m_ObjectHideFlags: 0
  m_PrefabParentObject: {fileID: 0}
  m_PrefabInternal: {fileID: 0}
  m_GameObject: {fileID: 1547356778}
  m_Enabled: 1
  serializedVersion: 8
  m_Type: 1
  m_Color: {r: 1, g: 0.95686275, b: 0.8392157, a: 1}
  m_Intensity: 1
  m_Range: 10
  m_SpotAngle: 30
  m_CookieSize: 10
  m_Shadows:
    m_Type: 2
    m_Resolution: -1
    m_CustomResolution: -1
    m_Strength: 1
    m_Bias: 0.05
    m_NormalBias: 0.4
    m_NearPlane: 0.2
  m_Cookie: {fileID: 0}
  m_DrawHalo: 0
  m_Flare: {fileID: 0}
  m_RenderMode: 0
  m_CullingMask:
    serializedVersion: 2
    m_Bits: 4294967295
  m_Lightmapping: 4
  m_AreaSize: {x: 1, y: 1}
  m_BounceIntensity: 1
  m_ColorTemperature: 6570
  m_UseColorTemperature: 0
  m_ShadowRadius: 0
  m_ShadowAngle: 0
--- !u!4 &1547356780
Transform:
  m_ObjectHideFlags: 0
  m_PrefabParentObject: {fileID: 0}
  m_PrefabInternal: {fileID: 0}
  m_GameObject: {fileID: 1547356778}
  m_LocalRotation: {x: 0.40821788, y: -0.23456968, z: 0.10938163, w: 0.8754261}
  m_LocalPosition: {x: 0, y: 3, z: 0}
  m_LocalScale: {x: 1, y: 1, z: 1}
  m_Children: []
  m_Father: {fileID: 0}
  m_RootOrder: 1
  m_LocalEulerAnglesHint: {x: 50, y: -30, z: 0}
--- !u!1 &1654537047
GameObject:
  m_ObjectHideFlags: 0
  m_PrefabParentObject: {fileID: 1328004544378778, guid: f11a5f004f518f346b63cd11ddc5a50a,
    type: 2}
  m_PrefabInternal: {fileID: 31811174}
  serializedVersion: 5
  m_Component:
  - component: {fileID: 1654537048}
  - component: {fileID: 1654537051}
  - component: {fileID: 1654537050}
  - component: {fileID: 1654537049}
  m_Layer: 0
  m_Name: LeftArm
  m_TagString: Untagged
  m_Icon: {fileID: 0}
  m_NavMeshLayer: 0
  m_StaticEditorFlags: 0
  m_IsActive: 1
--- !u!4 &1654537048
Transform:
  m_ObjectHideFlags: 0
  m_PrefabParentObject: {fileID: 4624165062185836, guid: f11a5f004f518f346b63cd11ddc5a50a,
    type: 2}
  m_PrefabInternal: {fileID: 31811174}
  m_GameObject: {fileID: 1654537047}
  m_LocalRotation: {x: 0.7071068, y: -0, z: -0, w: 0.7071068}
  m_LocalPosition: {x: 0.5519192, y: 0, z: -0.3127394}
  m_LocalScale: {x: 0.2207678, y: 1.3838966, z: 0.100000076}
  m_Children: []
  m_Father: {fileID: 1283148648}
  m_RootOrder: 0
  m_LocalEulerAnglesHint: {x: 90, y: 0, z: 0}
--- !u!23 &1654537049
MeshRenderer:
  m_ObjectHideFlags: 0
  m_PrefabParentObject: {fileID: 23281684219857550, guid: f11a5f004f518f346b63cd11ddc5a50a,
    type: 2}
  m_PrefabInternal: {fileID: 31811174}
  m_GameObject: {fileID: 1654537047}
  m_Enabled: 1
  m_CastShadows: 1
  m_ReceiveShadows: 1
  m_MotionVectors: 1
  m_LightProbeUsage: 1
  m_ReflectionProbeUsage: 1
  m_Materials:
  - {fileID: 10303, guid: 0000000000000000f000000000000000, type: 0}
  m_StaticBatchInfo:
    firstSubMesh: 0
    subMeshCount: 0
  m_StaticBatchRoot: {fileID: 0}
  m_ProbeAnchor: {fileID: 0}
  m_LightProbeVolumeOverride: {fileID: 0}
  m_ScaleInLightmap: 1
  m_PreserveUVs: 1
  m_IgnoreNormalsForChartDetection: 0
  m_ImportantGI: 0
  m_SelectedEditorRenderState: 3
  m_MinimumChartSize: 4
  m_AutoUVMaxDistance: 0.5
  m_AutoUVMaxAngle: 89
  m_LightmapParameters: {fileID: 0}
  m_SortingLayerID: 0
  m_SortingLayer: 0
  m_SortingOrder: 0
--- !u!65 &1654537050
BoxCollider:
  m_ObjectHideFlags: 0
  m_PrefabParentObject: {fileID: 65403855716330592, guid: f11a5f004f518f346b63cd11ddc5a50a,
    type: 2}
  m_PrefabInternal: {fileID: 31811174}
  m_GameObject: {fileID: 1654537047}
  m_Material: {fileID: 0}
  m_IsTrigger: 0
  m_Enabled: 1
  serializedVersion: 2
  m_Size: {x: 1, y: 1, z: 1}
  m_Center: {x: 0, y: 0, z: 0}
--- !u!33 &1654537051
MeshFilter:
  m_ObjectHideFlags: 0
  m_PrefabParentObject: {fileID: 33351171767519004, guid: f11a5f004f518f346b63cd11ddc5a50a,
    type: 2}
  m_PrefabInternal: {fileID: 31811174}
  m_GameObject: {fileID: 1654537047}
  m_Mesh: {fileID: 10202, guid: 0000000000000000e000000000000000, type: 0}
--- !u!1001 &1777122070
Prefab:
  m_ObjectHideFlags: 0
  serializedVersion: 2
  m_Modification:
    m_TransformParent: {fileID: 0}
    m_Modifications:
    - target: {fileID: 4751416821610926, guid: 89b9ea4dea03a8f429ec9717a4c56e07, type: 2}
      propertyPath: m_LocalPosition.x
      value: 0
      objectReference: {fileID: 0}
    - target: {fileID: 4751416821610926, guid: 89b9ea4dea03a8f429ec9717a4c56e07, type: 2}
      propertyPath: m_LocalPosition.y
      value: 0
      objectReference: {fileID: 0}
    - target: {fileID: 4751416821610926, guid: 89b9ea4dea03a8f429ec9717a4c56e07, type: 2}
      propertyPath: m_LocalPosition.z
      value: 0
      objectReference: {fileID: 0}
    - target: {fileID: 4751416821610926, guid: 89b9ea4dea03a8f429ec9717a4c56e07, type: 2}
      propertyPath: m_LocalRotation.x
      value: 0
      objectReference: {fileID: 0}
    - target: {fileID: 4751416821610926, guid: 89b9ea4dea03a8f429ec9717a4c56e07, type: 2}
      propertyPath: m_LocalRotation.y
      value: 0
      objectReference: {fileID: 0}
    - target: {fileID: 4751416821610926, guid: 89b9ea4dea03a8f429ec9717a4c56e07, type: 2}
      propertyPath: m_LocalRotation.z
      value: 0
      objectReference: {fileID: 0}
    - target: {fileID: 4751416821610926, guid: 89b9ea4dea03a8f429ec9717a4c56e07, type: 2}
      propertyPath: m_LocalRotation.w
      value: 1
      objectReference: {fileID: 0}
    - target: {fileID: 4751416821610926, guid: 89b9ea4dea03a8f429ec9717a4c56e07, type: 2}
      propertyPath: m_RootOrder
      value: 2
      objectReference: {fileID: 0}
    - target: {fileID: 4355252807592546, guid: 89b9ea4dea03a8f429ec9717a4c56e07, type: 2}
      propertyPath: m_LocalPosition.x
      value: 0.079
      objectReference: {fileID: 0}
    - target: {fileID: 4772978382398920, guid: 89b9ea4dea03a8f429ec9717a4c56e07, type: 2}
      propertyPath: m_LocalPosition.x
      value: 1.34
      objectReference: {fileID: 0}
    - target: {fileID: 4548855305043850, guid: 89b9ea4dea03a8f429ec9717a4c56e07, type: 2}
      propertyPath: m_LocalPosition.z
      value: 0.93
      objectReference: {fileID: 0}
    - target: {fileID: 4548855305043850, guid: 89b9ea4dea03a8f429ec9717a4c56e07, type: 2}
      propertyPath: m_LocalPosition.x
      value: 1.45
      objectReference: {fileID: 0}
    - target: {fileID: 4197669506978000, guid: 89b9ea4dea03a8f429ec9717a4c56e07, type: 2}
      propertyPath: m_LocalPosition.x
      value: -0.03
      objectReference: {fileID: 0}
    - target: {fileID: 4197669506978000, guid: 89b9ea4dea03a8f429ec9717a4c56e07, type: 2}
      propertyPath: m_LocalPosition.y
      value: 0.362
      objectReference: {fileID: 0}
    - target: {fileID: 4568460868290664, guid: 89b9ea4dea03a8f429ec9717a4c56e07, type: 2}
      propertyPath: m_LocalPosition.x
      value: -1.933
      objectReference: {fileID: 0}
    - target: {fileID: 4197669506978000, guid: 89b9ea4dea03a8f429ec9717a4c56e07, type: 2}
      propertyPath: m_LocalPosition.z
      value: 0.11
      objectReference: {fileID: 0}
    m_RemovedComponents: []
  m_ParentPrefab: {fileID: 100100000, guid: 89b9ea4dea03a8f429ec9717a4c56e07, type: 2}
  m_RootGameObject: {fileID: 1526291205}
  m_IsPrefabParent: 0
